@article{ham_deep_2019,
  title = {Deep Learning for Multi-Year ENSO Forecasts},
  author = {Ham, Yoo-Geun and Kim, Jeong-Hwan and Luo, Jing-Jia},
  year = {2019},
  month = sep,
  journal = {Nature},
  volume = {573},
  number = {7775},
  pages = {568--572},
  issn = {0028-0836, 1476-4687},
  doi = {10.1038/s41586-019-1559-7},
  langid = {english},
}